% Encoding: UTF-8
@book{Knuth1998,
 author = {Knuth, Donald E.},
 title = {The art of computer programming,  volume 3: (2nd ed.) sorting and searching},
 year = {1998},
 publisher = {Addison Wesley Longman Publishing Co., Inc.},
 address = {Redwood City, CA, USA}
}

@book{Pollefliet2011,
  author = {Pollefliet, Leen},
  title = {Schrijven van verslag tot eindwerk: do's en don'ts},
  year = {2011},
  publisher = {Academia Press},
  address = {Gent}
}

@article{Creeger2009,
  author = {Creeger, Mache},
  journal = {Communications of the ACM},
  number = {8},
  pages = {50--56},
  title = {{CTO Roundtable: Cloud Computing}},
  volume = {52},
  year = {2009}
}
@misc{PastureIo,
  title={Livestock Monitoring Systems},
  url={https://pasture.io/farm-technology/livestock-monitoring-systems},
  year={2023}
}
@article{MDPIAIandSensors,
  title={Artificial Intelligence and Sensor Technologies in Dairy Livestock Export: Charting a Digital Transformation},
  author={Auteur Naam},
  journal={MDPI Sensors},
  url={https://www.mdpi.com/1424-8220/23/16/7045},
  year={2023}
}
@article{MDPIPLF,
  title={Precision Livestock Farming Research: A Global Scientometric Review},
  author={Ander Auteur Naam},
  journal={MDPI Animals},
  url={https://www.mdpi.com/2076-2615/13/13/2096},
  year={2023}
}
@article{Fuentes2023,
  title={Multiview Monitoring of Individual Cattle Behavior Based on Action Recognition in Closed Barns Using Deep Learning},
  author={Fuentes, A.},
  journal={Journal Naam},
  volume={xx},
  number={yy},
  pages={ff-gg},
  year={2023},
  publisher={Uitgever Naam}
  url={https://www.mdpi.com/2076-2615/13/12/2020}
}
@article{Animals13780,
  title={Innovative Tools in Farm Animalsâ€™ Early Disease Diagnosis},
  author={Weer Een Andere Auteur},
  journal={Animals},
  volume={137},
  number={80},
  pages={hh-ii},
  year={2023},
  url={https://www.mdpi.com/2076-2615/13/5/780}
}
@article{ar5iv2021,
  title={Machine Learning Techniques for Behavioral Analysis of Dairy Cows},
  author={Nog Een Auteur},
  journal={ar5iv},
  url={https://ar5iv.labs.arxiv.org/html/2111.12295},
  year={2021}
}
@misc{ToAgriculture,
  author = {Unknown},
  title = {The Benefits of Livestock Monitoring},
  year = {2023},
  howpublished = {\url{https://toagriculture.com/benefits-livestock-monitoring/}}
}

@misc{IntuzIoT,
  author = {Unknown},
  title = {IoT for Livestock Management: Track and Monitor Animals},
  year = {2023},
  howpublished = {\url{https://www.intuz.com/blog/iot-enabled-livestock-management}}
}
@article{MDPI,
  title={Machine Learning-Based Sensor Data Fusion for Animal Monitoring: Scoping Review},
  author={N/A},
  journal={Sensors},
  volume={N/A},
  pages={N/A},
  year={2023},
  publisher={MDPI},
  url={https://www.mdpi.com/1424-8220/23/12/5732}
}

@book{IntechOpen,
  title={The Innovative Techniques in Animal Husbandry},
  author={N/A},
  publisher={IntechOpen},
  year={2023},
  url={https://www.intechopen.com/chapters/58095}
}
@article{ObjectDetectionFewShotLearning2022,
  title={Object detection and classification using few-shot learning in smart agriculture: A scoping mini review},
  author={Author(s) Name(s)},
  journal={Frontiers in Sustainable Food Systems},
  volume={6},
  pages={1039299},
  year={2022},
  publisher={Frontiers},
  doi={10.3389/fsufs.2022.1039299},
  url={https://www.frontiersin.org/articles/10.3389/fsufs.2022.1039299/full}
}
@article{Badgujar2024YOLO,
  title={Agricultural Object Detection with You Look Only Once (YOLO) Algorithm: A Bibliometric and Systematic Literature Review},
  author={Badgujar, Chetan M. and Other Authors},
  journal={arXiv preprint arXiv:2401.10379},
  year={2024},
  url={https://arxiv.org/abs/2401.10379}
}
@article{FrontiersPlantScience2022,
  title={Titel van het Artikel},
  author={Author(s) Name(s)},
  journal={Frontiers in Plant Science},
  volume={Nummer},
  pages={Artikelnummer},
  year={2022},
  publisher={Frontiers},
  doi={10.3389/fpls.2022.1041514},
  url={https://www.frontiersin.org/journals/plant-science/articles/10.3389/fpls.2022.1041514/full}
}
@Comment{jabref-meta: databaseType:biblatex;}
