% Encoding: UTF-8
@Online{Nääs2013,
  author    = {Nääs, I. and Pereira, D.},
  title     = {Innovative Technology in Livestock Production},
  date      = {2022-07-01},
  url       = {https://www.mdpi.com/journal/agriengineering/special_issues/livestocktech},
  urldate   = {2023-12-14},
}
@Article{Akhigbe2021,
  author       = {Akhigbe, B. and Munir, K. and Akinade, O. and Akanbi, L. and Lukumon, L.},
  title        = {IoT Technologies for Livestock Management: A Review of Present Status, Opportunities, and Future Trends},
  year         = {2021},
  pages        = {1--40},
  url          = {https://www.mdpi.com/2504-2289/5/1/10},
}
@Article{Busse2015,
  author       = {Busse, M. and Schwerdtner, W. and Siebert, R. and Doernberg, A. and Kuntosch, A. and König, B. and Bokelmann, W.},
  title        = {Analysis of animal monitoring technologies in Germany from an innovation system perspective},
  year         = {2015},
  pages        = {55--65},
  volume       = {138},
  url          = {https://www.sciencedirect.com/science/article/abs/pii/S0308521X15000761},
}
@Article{Kleanthous2018,
  author       = {Kleanthous, N. and Hussain, A. and Mason, A. and Sneddon, J. and Shaw, A. and Fergus, P. and Chalmers, C. and Al-Jumeily, D.},
  title        = {Machine Learning Techniques for Classification of Livestock Behavior},
  year         = {2018},
    pages      = {304–-315},
  volume       = {11304},
  url          = {https://link.springer.com/chapter/10.1007/978-3-030-04212-7_26},
}
@Article{Narayan2023,
  author       = {Narayan, C. and Rahman, F. and Ullah, M. and Cheikh, F. and Imran, A. and Coello, C. and Nordbø, Ø. and Santhosh, G. and Nair, M.},
  title        = {Tracking-by-Self Detection: A Self-supervised Framework for Multiple Animal Tracking},
  year         = {2023},
  volume       = {675},
  url          = {https://www.sciencedirect.com/science/article/abs/pii/S0308521X15000761},
}
@Article{LeCozler2019,
  author       = {Le Cozler, Y. and Allain, C. and Caillot, A. and Delouard, J.M. and Delattre, L. and Luginbuhl, T. and Faverdin, P.},
  title        = {High-precision scanning system for complete 3D cow body shape imaging and analysis of morphological traits},
  year         = {2019},
  volume       = {675},
  url          = {https://www.sciencedirect.com/science/article/abs/pii/S0168169918310123},
}
@Comment{jabref-meta: databaseType:biblatex;}
